@Inbook{Lugrin23,
  author="Lugrin, Thomas",
  editor="Mulder, Valentin
  and Mermoud, Alain
  and Lenders, Vincent
  and Tellenbach, Bernhard",
  title="One-Time Pad",
  bookTitle="Trends in Data Protection and Encryption Technologies ",
  year="2023",
  publisher="Springer Nature Switzerland",
  address="Cham",
  pages="3--6",
  isbn="978-3-031-33386-6",
  doi="10.1007/978-3-031-33386-6_1",
  url="https://doi.org/10.1007/978-3-031-33386-6_1"
}

@inproceedings{Denning83,
  author       = {Dorothy E. Denning},
  title        = {The Many-Time Pad: Theme and Variations},
  booktitle    = {Proceedings of the 1983 {IEEE} Symposium on Security and Privacy,
                  Oakland, California, USA, April 25-27, 1983},
  pages        = {23--32},
  publisher    = {{IEEE} Computer Society},
  year         = {1983},
  url          = {https://doi.org/10.1109/SP.1983.10010},
  doi          = {10.1109/SP.1983.10010},
  timestamp    = {Thu, 21 Sep 2023 15:57:32 +0200},
  biburl       = {https://dblp.org/rec/conf/sp/Denning83.bib},
  bibsource    = {dblp computer science bibliography, https://dblp.org}
}
